

@article{Hocking-constrained-changepoint-detection,
author = {TD Hocking and G Rigaill and P Fearnhead and G Bourque},
title = {{A log-linear time algorithm for constrained changepoint detection}},
year = 2017,
journal = {Preprint arXiv:1703.03352}
}
@article{HOCKING-PeakSegJoint,
author={TD Hocking and Guillaume Bourque},
title={{PeakSegJoint: fast supervised peak detection via joint segmentation of multiple count data samples}},
year=2015,
journal={Preprint arXiv:1506.01286}
}

@Article{animint,
  author = 	 {C Sievert and J Cai and S VanderPlas and F Khan and K Ferris and TD Hocking},
  title = 	 {Extending ggplot2 for linked and dynamic web graphics},
  journal = 	 {Under review in Journal of Computational and Graphical Statistics},
  year = 	 2017}

@Article{m14:clonal,
  author = 	 {M Suguro and N Yoshida and A Umino and H Kato and H Tagawa and M Nakagawa and N Fukuhara and S Karnan and I Takeuchi and TD Hocking and K Arita and K Karube and S Tsuzuki and S Nakamura and T Kinoshita and M Seto },
  title = 	 {Clonal heterogeneity of lymphoid malignancies correlates with poor prognosis},
  journal = 	 {Cancer Sci},
  year = 	 2014,
  volume = 	 105,
  number = 	 7,
  pages = 	 {897--904},
  month = 	 {July}}

@article{change-tutorial,
author = {TD Hocking and R Killick},
title = {{Introduction to optimal changepoint detection algorithms}},
year = 2017,
journal = {International useR conference}
}
@article{SegAnnot,
author = {TD Hocking and G Rigaill},
title = {{SegAnnot: an R package for fast segmentation of annotated piecewise constant signals}},
year = 2012,
journal = {Preprint hal-00759129}
}
@article{svmcompare,
author = {TD Hocking and S Spanurattana and M Sugiyama},
title = {{Support vector comparison machines}},
year = 2014,
journal = {Preprint arXiv:1401.8008}
}
@article{HOCKING-chipseq,
author = {Hocking, TD and Goerner-Potvin, P and Morin, A and Shao, X and Pastinen, T and Bourque, G}, 
title = {Optimizing ChIP-seq peak detectors using visual labels and supervised machine learning},
year = 2017,
volume = 33,
number = 4,
pages = {491--499},
journal = {Bioinformatics} 
}
ï»¿@Article{fpop,
author="Maidstone, R
and Hocking, TD
and Rigaill, G
and Fearnhead, P",
title="On optimal multiple changepoint algorithms for large data",
journal="Statistics and Computing",
year="2016",
pages="1--15",
issn="1573-1375"
}

@Article{Hocking-Leukemia-2016,
  author = 	 {Shimada, K and Shimada, S and Sugimoto, K and Nakatochi, M and Suguro, M and Hirakawa, A and
Hocking, TD and Takeuchi, I and Tokunaga, T and Takagi, Y and Sakamoto, A and Aoki, T and Naoe,
T and Nakamura, S and Hayakawa, F and Seto, M and Tomita, A and Kiyoi, H},
  title = 	 {{Development and
analysis of patient-derived xenograft mouse models in intravascular
large B-cell lymphoma}},
  journal = 	 {Leukemia},
  year = 	 2016,
  volume = 	 30,
  number = 	 7,
  pages = 	 {1568--79},
  month = 	 {Jul}}
@article {Chicard,
	author = {Chicard, M and Boyault, S and Colmet-Daage, L and Richer, W and Gentien, D and Pierron, G and Lapouble, E and Bellini, A and Clement, N and Iacono, I and Br{\'e}jon, S and Carrere, M and Reyes, C and Hocking, TD and Bernard, V and Peuchmaur, M and Corradini, N and Faure-Conter, C and Coze, C and Plantaz, D and Defachelles, A-S and Thebaud, E and Gambart, M and Millot, F and Valteau-Couanet, D and Michon, J and Puisieux, A and Delattre, O and Combaret, V and Schleiermacher, G},
	title = {Genomic Copy Number Profiling Using Circulating Free Tumor DNA Highlights Heterogeneity in Neuroblastoma},
	year = {2016},
	doi = {10.1158/1078-0432.CCR-16-0500},
	publisher = {American Association for Cancer Research},
	issn = {1078-0432},
	URL = {http://clincancerres.aacrjournals.org/content/early/2016/11/03/1078-0432.CCR-16-0500},
	eprint = {http://clincancerres.aacrjournals.org/content/early/2016/11/03/1078-0432.CCR-16-0500.full.pdf},
	journal = {Clinical Cancer Research}
}
@inproceedings{HOCKING-PeakSeg,
  title={{PeakSeg: constrained optimal segmentation and supervised
                  penalty learning for peak detection in count data}},
  author={TD Hocking and G Rigaill and G Bourque},
  booktitle={Proc. 32nd International Conference on Machine Learning},
  year={2015}
}
@article{hocking2014visual,
  title={{Visual annotations and a supervised learning approach for evaluating and calibrating ChIP-seq peak detectors}},
  author={TD Hocking and P Goerner-Potvin and A
                  Morin and X Shao and G Bourque},
  journal={Preprint arXiv:1409.6209},
  year={2014}
}
@Article{HOCKING-breakpoints,
  author = 	 {TD Hocking and G Schleiermacher and
                  I Janoueix-Lerosey and
                  V Boeva and J Cappo and 
                  O Delattre and
                  F Bach and J-P Vert},
  title = 	 {Learning smoothing models of copy number profiles
                  using breakpoint annotations},
  journal = 	 {BMC Bioinformatics},
  year = 	 2013,
  volume = 	 14,
  number = 	 164,
  month = 	 {May}}
@inproceedings{HOCKING-penalties,
  title={Learning sparse penalties for change-point detection using max margin interval regression},
  author={ Rigaill, G and Hocking, TD and Vert, J-P and Bach, F},
  booktitle={Proc. 30th International Conference on Machine Learning},
  year={2013}
}


@Article{hocking13:inlinedocs,
  author = 	 {Hocking, TD and Wutzler, T and Ponting, K and Grosjean, P},
  title = 	 {Sustainable,
extensible documentation generation using inlinedocs},
  journal = 	 {Journal of
Statistical Software},
  year = 	 2013,
  volume = 	 54,
  number = 	 6,
  pages = 	 {1--20}}

@Article{hocking-SegAnnDB,
  author = 	 {
  Hocking, TD and Boeva, V and Rigaill, G and Schleiermacher, G and
Janoueix-Lerosey, I and Delattre, O and Richer, W and Bourdeaut, F and Suguro, M and Seto,
M and Bach, F and Vert, J-P},
  title = 	 {{SegAnnDB: interactive Web-based genomic
segmentation}},
  journal = 	 {Bioinformatics},
  year = 	 2014,
  volume = 	 30,
  number = 	 11,
  pages = 	 {1539--1546}}


@INPROCEEDINGS{HOCKING-clusterpath,
  author =    {TD Hocking and A Joulin and J-P Vert and F Bach
                   },
  title =     {{Clusterpath: an Algorithm for Clustering using Convex
                  Fusion Penalties }},
  booktitle = {Proc. 28th International Conference on Machine Learning},
  year =      {2011},
  location =  {Bellevue, Washington, USA},
  isbn =      {978-1-4503-0619-5},
}

@article{HOCKING-evolution,
    author = {Gautier, M AND Hocking, TD AND Foulley,
                  J-L},
    journal = {PLoS ONE},
    publisher = {Public Library of Science},
    title = {{A Bayesian Outlier Criterion to Detect SNPs under
                  Selection in Large Data Sets}},
    year = {2010},
    month = {08},
    volume = {5},
    pages = {e11913},
    number = {8},
    doi = {10.1371/journal.pone.0011913}
}        
@article{hocking-phd,
  author = 	 {TD Hocking},
  title = 	 {Learning algorithms and statistical software, with applications to bioinformatics},
  school = 	 {\'Ecole Normale Sup\'erieure de Cachan},
  year = 	 2012,
journal = {PhD thesis, Ecole Normale Superieure de Cachan},
  note = 	 {https://tel.archives-ouvertes.fr/tel-00906029/}}

@Article{HOCKING-zebrafish,
  author = 	 {Y Doyon and JM McCammon and JC
                  Miller and F Faraji and C Ngo and
                  GE Katibah and R Amora and TD
                  Hocking and L Zhang and EJ Rebar and
		  PD Gregory and FD Urnov and SL Amacher},
  title = 	 {Heritable Targeted Gene Disruption in Zebrafish
                  Using Designed Zinc Finger Nucleases},
  journal = 	 {Nature Biotechnology},
  year = 	 2008,
  volume = 	 26,
  number = 	 6,
  pages = 	 {702--708}}

